<?xml version="1.0" encoding="utf-8"?>
<record xmlns="http://www.loc.gov/MARC21/slim" xmlns:xsi="http://www.w3.org/2001/XMLSchema-instance" xsi:schemaLocation="http://www.loc.gov/MARC21/slim http://www.loc.gov/standards/marcxml/schema/MARC21slim.xsd">
	<leader>     nam a22        4500</leader>
	<controlfield tag="001">1607513</controlfield>
	<controlfield tag="003">NjP</controlfield>
	<controlfield tag="006">m        d        </controlfield>
	<controlfield tag="007">cr cn |||m|||a</controlfield>
	<controlfield tag="008">160323s1965    iq      ob    000 p ara  </controlfield>
	<datafield ind1=" " ind2=" " tag="040">
		<subfield code="a">NNU</subfield>
		<subfield code="b">eng</subfield>
		<subfield code="e">rda</subfield>
		<subfield code="c">NNU</subfield>
	</datafield>
	<datafield ind1=" " ind2="4" tag="050">
		<subfield code="a">PJ7698.A23</subfield>
		<subfield code="b">A6 1965</subfield>
	</datafield>
	<datafield ind1="0" ind2=" " tag="100">
		<subfield code="6">880-01</subfield>
		<subfield code="a">Abū al-Aswad al-Duʼalī,</subfield>
		<subfield code="d">-688.</subfield>
	</datafield>
	<datafield ind1="1" ind2="0" tag="240">
		<subfield code="6">880-02</subfield>
		<subfield code="a">Poems</subfield>
	</datafield>
	<datafield ind1="1" ind2="0" tag="245">
		<subfield code="6">880-03</subfield>
		<subfield code="a">Dīwān Abī al-Aswad al-Duʼalī /</subfield>
		<subfield code="c">taḥqīq Muḥammad Ḥasan Āl Yāsīn.</subfield>
	</datafield>
	<datafield ind1="1" ind2="4" tag="246">
		<subfield code="a">Diwan Abil Asuad, al-Dualy</subfield>
	</datafield>
	<datafield ind1=" " ind2=" " tag="250">
		<subfield code="6">880-04</subfield>
		<subfield code="a">[al-Ṭabʻah 2, muzayyadah wa-al-munaqqaḥah].</subfield>
	</datafield>
	<datafield ind1=" " ind2=" " tag="260">
		<subfield code="6">880-05</subfield>
		<subfield code="a">Baghdād :</subfield>
		<subfield code="b">Maktabat al-Nahḍah,</subfield>
		<subfield code="c">[1965]</subfield>
	</datafield>
	<datafield ind1=" " ind2=" " tag="300">
		<subfield code="a">online resource (145 pages)</subfield>
	</datafield>
	<datafield ind1=" " ind2=" " tag="336">
		<subfield code="a">text</subfield>
		<subfield code="2">rdacontent</subfield>
	</datafield>
	<datafield ind1=" " ind2=" " tag="337">
		<subfield code="a">computer</subfield>
		<subfield code="2">rdamedia</subfield>
	</datafield>
	<datafield ind1=" " ind2=" " tag="338">
		<subfield code="a">online resource</subfield>
		<subfield code="2">rdacarrier</subfield>
	</datafield>
	<datafield ind1="0" ind2=" " tag="490">
		<subfield code="6">880-06</subfield>
		<subfield code="a">Nafāʼis al-makhṭūṭāt ;</subfield>
		<subfield code="v">2</subfield>
	</datafield>
	<datafield ind1=" " ind2=" " tag="500">
		<subfield code="a">Part of the Arabic Collections Online (ACO) project, contributed by Princeton University Libraries.</subfield>
	</datafield>
	<datafield ind1=" " ind2=" " tag="504">
		<subfield code="a">Includes bibliographical references (pages 143-145).</subfield>
	</datafield>
	<datafield ind1=" " ind2=" " tag="533">
		<subfield code="a">Electronic reproduction.</subfield>
		<subfield code="b">New York, N.Y. :</subfield>
		<subfield code="c">New York University,</subfield>
		<subfield code="d">2016.</subfield>
		<subfield code="5">NNU</subfield>
	</datafield>
	<datafield ind1="1" ind2=" " tag="700">
		<subfield code="6">880-07</subfield>
		<subfield code="a">Āl Yāsīn, Muḥammad Ḥasan.</subfield>
	</datafield>
	<datafield ind1="2" ind2=" " tag="710">
		<subfield code="a">Princeton University.</subfield>
		<subfield code="b">Library.</subfield>
	</datafield>
	<datafield ind1="0" ind2=" " tag="730">
		<subfield code="a">Arabic Collections Online.</subfield>
	</datafield>
	<datafield ind1="0" ind2="8" tag="776">
		<subfield code="i">Online version:</subfield>
		<subfield code="a">Abū al-Aswad al-Duʼalī, -688.</subfield>
		<subfield code="s">Poems.</subfield>
		<subfield code="t">Dīwān Abī al-Aswad al-Duʼalī.</subfield>
		<subfield code="b">[al-Ṭabʻah 2, muzayyadah wa-al-munaqqaḥah].</subfield>
		<subfield code="d">Baghdād : Maktabat al-Nahḍah, [1965]</subfield>
		<subfield code="w">(OCoLC)571536415</subfield>
	</datafield>
	<datafield ind1="0" ind2="8" tag="776">
		<subfield code="i">Online version:</subfield>
		<subfield code="a">Abū al-Aswad al-Duʼalī, -688.</subfield>
		<subfield code="s">Poems.</subfield>
		<subfield code="t">Dīwān Abī al-Aswad al-Duʼalī.</subfield>
		<subfield code="b">[al-Ṭabʻah 2, muzayyadah wa-al-munaqqaḥah].</subfield>
		<subfield code="d">Baghdād : Maktabat al-Nahḍah, [1965]</subfield>
		<subfield code="w">(OCoLC)607811095</subfield>
	</datafield>
	<datafield ind1="0" ind2="8" tag="776">
		<subfield code="i">Print version:</subfield>
		<subfield code="a">Abū al-Aswad al-Duʼalī, -688.</subfield>
		<subfield code="t">Dīwān Abī al-Aswad al-Duʼalī</subfield>
		<subfield code="w">(NjP)1607513</subfield>
		<subfield code="w">(DLC)ne 68004566 </subfield>
		<subfield code="w">(OCoLC)15218555</subfield>
	</datafield>
	<datafield ind1="4" ind2="0" tag="856">
		<subfield code="u">http://hdl.handle.net/2333.1/fttdz3vq</subfield>
	</datafield>
	<datafield ind1="0" ind2=" " tag="880">
		<subfield code="6">100-01/r</subfield>
		<subfield code="a">أبو الأسود الدؤلي،,</subfield>
		<subfield code="d">-688.</subfield>
	</datafield>
	<datafield ind1="1" ind2="0" tag="880">
		<subfield code="6">240-02/r</subfield>
		<subfield code="a">شعر</subfield>
	</datafield>
	<datafield ind1="1" ind2="0" tag="880">
		<subfield code="6">245-03/r</subfield>
		<subfield code="a">ديوان أبي الأسود الدؤلي /</subfield>
		<subfield code="c">تحقيق محمد حسن آل ياسين.</subfield>
	</datafield>
	<datafield ind1=" " ind2=" " tag="880">
		<subfield code="6">250-04/r</subfield>
		<subfield code="a">[الطبعة 2، مزيدة والمنقحة].</subfield>
	</datafield>
	<datafield ind1=" " ind2=" " tag="880">
		<subfield code="6">260-05/r</subfield>
		<subfield code="a">بغداد :</subfield>
		<subfield code="b">مكتبة النهضة،</subfield>
		<subfield code="c">[1965]</subfield>
	</datafield>
	<datafield ind1="0" ind2=" " tag="880">
		<subfield code="6">490-06/r</subfield>
		<subfield code="a">نفائس المخطوطات ؛</subfield>
		<subfield code="v">2</subfield>
	</datafield>
	<datafield ind1="1" ind2=" " tag="880">
		<subfield code="6">700-07/r</subfield>
		<subfield code="a">آل ياسين، محمد حسن.</subfield>
	</datafield>
	<datafield ind1=" " ind2=" " tag="959">
		<subfield code="a">NNU</subfield>
		<subfield code="b">WEB</subfield>
		<subfield code="c">GENI</subfield>
		<subfield code="t">0</subfield>
		<subfield code="m">Electronic access</subfield>
		<subfield code="s">01</subfield>
	</datafield>
	<datafield ind1=" " ind2=" " tag="999">
		<subfield code="i">NjP_1607513</subfield>
		<subfield code="o">(OCoLC)ocm15218555 </subfield>
		<subfield code="s">princeton_aco000197</subfield>
		<subfield code="e">(ERROR-880)(ERROR-SERIES)</subfield>
	</datafield>
</record>
